%YAML 1.1
%TAG !u! tag:unity3d.com,2011:
--- !u!1 &8773922565830866344
GameObject:
  m_ObjectHideFlags: 0
  m_CorrespondingSourceObject: {fileID: 0}
  m_PrefabInstance: {fileID: 0}
  m_PrefabAsset: {fileID: 0}
  serializedVersion: 6
  m_Component:
  - component: {fileID: 8773922565830866347}
  m_Layer: 0
  m_Name: Wall
  m_TagString: Untagged
  m_Icon: {fileID: 0}
  m_NavMeshLayer: 0
  m_StaticEditorFlags: 0
  m_IsActive: 1
--- !u!4 &8773922565830866347
Transform:
  m_ObjectHideFlags: 0
  m_CorrespondingSourceObject: {fileID: 0}
  m_PrefabInstance: {fileID: 0}
  m_PrefabAsset: {fileID: 0}
  m_GameObject: {fileID: 8773922565830866344}
  m_LocalRotation: {x: 0, y: 0, z: 0, w: 1}
  m_LocalPosition: {x: 0, y: 0, z: 25}
  m_LocalScale: {x: 1, y: 1, z: 1}
  m_Children:
  - {fileID: 8773922565257849230}
  - {fileID: 8773922566097887961}
  - {fileID: 8773922566008070509}
  - {fileID: 8773922564974416728}
  m_Father: {fileID: 0}
  m_RootOrder: 0
  m_LocalEulerAnglesHint: {x: 0, y: 0, z: 0}
--- !u!1001 &1437887061031585950
PrefabInstance:
  m_ObjectHideFlags: 0
  serializedVersion: 2
  m_Modification:
    m_TransformParent: {fileID: 8773922565830866347}
    m_Modifications:
    - target: {fileID: 7653685870311696883, guid: 5f6037bbb3b1add48ac479c8ab8a024d, type: 3}
      propertyPath: m_RootOrder
      value: 2
      objectReference: {fileID: 0}
    - target: {fileID: 7653685870311696883, guid: 5f6037bbb3b1add48ac479c8ab8a024d, type: 3}
      propertyPath: m_LocalPosition.x
      value: 0
      objectReference: {fileID: 0}
    - target: {fileID: 7653685870311696883, guid: 5f6037bbb3b1add48ac479c8ab8a024d, type: 3}
      propertyPath: m_LocalPosition.y
      value: 7.5
      objectReference: {fileID: 0}
    - target: {fileID: 7653685870311696883, guid: 5f6037bbb3b1add48ac479c8ab8a024d, type: 3}
      propertyPath: m_LocalPosition.z
      value: 0
      objectReference: {fileID: 0}
    - target: {fileID: 7653685870311696883, guid: 5f6037bbb3b1add48ac479c8ab8a024d, type: 3}
      propertyPath: m_LocalRotation.w
      value: 1
      objectReference: {fileID: 0}
    - target: {fileID: 7653685870311696883, guid: 5f6037bbb3b1add48ac479c8ab8a024d, type: 3}
      propertyPath: m_LocalRotation.x
      value: -0
      objectReference: {fileID: 0}
    - target: {fileID: 7653685870311696883, guid: 5f6037bbb3b1add48ac479c8ab8a024d, type: 3}
      propertyPath: m_LocalRotation.y
      value: -0
      objectReference: {fileID: 0}
    - target: {fileID: 7653685870311696883, guid: 5f6037bbb3b1add48ac479c8ab8a024d, type: 3}
      propertyPath: m_LocalRotation.z
      value: -0
      objectReference: {fileID: 0}
    - target: {fileID: 7653685870311696883, guid: 5f6037bbb3b1add48ac479c8ab8a024d, type: 3}
      propertyPath: m_LocalEulerAnglesHint.x
      value: 0
      objectReference: {fileID: 0}
    - target: {fileID: 7653685870311696883, guid: 5f6037bbb3b1add48ac479c8ab8a024d, type: 3}
      propertyPath: m_LocalEulerAnglesHint.y
      value: 0
      objectReference: {fileID: 0}
    - target: {fileID: 7653685870311696883, guid: 5f6037bbb3b1add48ac479c8ab8a024d, type: 3}
      propertyPath: m_LocalEulerAnglesHint.z
      value: 0
      objectReference: {fileID: 0}
    - target: {fileID: 7653685870311696884, guid: 5f6037bbb3b1add48ac479c8ab8a024d, type: 3}
      propertyPath: m_Name
      value: Above_Door
      objectReference: {fileID: 0}
    m_RemovedComponents: []
  m_SourcePrefab: {fileID: 100100000, guid: 5f6037bbb3b1add48ac479c8ab8a024d, type: 3}
--- !u!4 &8773922566008070509 stripped
Transform:
  m_CorrespondingSourceObject: {fileID: 7653685870311696883, guid: 5f6037bbb3b1add48ac479c8ab8a024d, type: 3}
  m_PrefabInstance: {fileID: 1437887061031585950}
  m_PrefabAsset: {fileID: 0}
--- !u!1001 &4411309035743156671
PrefabInstance:
  m_ObjectHideFlags: 0
  serializedVersion: 2
  m_Modification:
    m_TransformParent: {fileID: 8773922565830866347}
    m_Modifications:
    - target: {fileID: 4970604153005767526, guid: 9a2fd09ba152a98429962d3f4013f62d, type: 3}
      propertyPath: m_RootOrder
      value: 1
      objectReference: {fileID: 0}
    - target: {fileID: 4970604153005767526, guid: 9a2fd09ba152a98429962d3f4013f62d, type: 3}
      propertyPath: m_LocalPosition.x
      value: 15
      objectReference: {fileID: 0}
    - target: {fileID: 4970604153005767526, guid: 9a2fd09ba152a98429962d3f4013f62d, type: 3}
      propertyPath: m_LocalPosition.y
      value: 5
      objectReference: {fileID: 0}
    - target: {fileID: 4970604153005767526, guid: 9a2fd09ba152a98429962d3f4013f62d, type: 3}
      propertyPath: m_LocalPosition.z
      value: 0
      objectReference: {fileID: 0}
    - target: {fileID: 4970604153005767526, guid: 9a2fd09ba152a98429962d3f4013f62d, type: 3}
      propertyPath: m_LocalRotation.w
      value: 1
      objectReference: {fileID: 0}
    - target: {fileID: 4970604153005767526, guid: 9a2fd09ba152a98429962d3f4013f62d, type: 3}
      propertyPath: m_LocalRotation.x
      value: -0
      objectReference: {fileID: 0}
    - target: {fileID: 4970604153005767526, guid: 9a2fd09ba152a98429962d3f4013f62d, type: 3}
      propertyPath: m_LocalRotation.y
      value: -0
      objectReference: {fileID: 0}
    - target: {fileID: 4970604153005767526, guid: 9a2fd09ba152a98429962d3f4013f62d, type: 3}
      propertyPath: m_LocalRotation.z
      value: -0
      objectReference: {fileID: 0}
    - target: {fileID: 4970604153005767526, guid: 9a2fd09ba152a98429962d3f4013f62d, type: 3}
      propertyPath: m_LocalEulerAnglesHint.x
      value: 0
      objectReference: {fileID: 0}
    - target: {fileID: 4970604153005767526, guid: 9a2fd09ba152a98429962d3f4013f62d, type: 3}
      propertyPath: m_LocalEulerAnglesHint.y
      value: 0
      objectReference: {fileID: 0}
    - target: {fileID: 4970604153005767526, guid: 9a2fd09ba152a98429962d3f4013f62d, type: 3}
      propertyPath: m_LocalEulerAnglesHint.z
      value: 0
      objectReference: {fileID: 0}
    - target: {fileID: 4970604153005767545, guid: 9a2fd09ba152a98429962d3f4013f62d, type: 3}
      propertyPath: m_Name
      value: Right_Wall
      objectReference: {fileID: 0}
    m_RemovedComponents: []
  m_SourcePrefab: {fileID: 100100000, guid: 9a2fd09ba152a98429962d3f4013f62d, type: 3}
--- !u!4 &8773922566097887961 stripped
Transform:
  m_CorrespondingSourceObject: {fileID: 4970604153005767526, guid: 9a2fd09ba152a98429962d3f4013f62d, type: 3}
  m_PrefabInstance: {fileID: 4411309035743156671}
  m_PrefabAsset: {fileID: 0}
--- !u!1001 &7170918229825141392
PrefabInstance:
  m_ObjectHideFlags: 0
  serializedVersion: 2
  m_Modification:
    m_TransformParent: {fileID: 8773922565830866347}
    m_Modifications:
    - target: {fileID: 1893486794650692040, guid: 034e97d8070aeef43a092586bbd24ebb, type: 3}
      propertyPath: m_RootOrder
      value: 3
      objectReference: {fileID: 0}
    - target: {fileID: 1893486794650692040, guid: 034e97d8070aeef43a092586bbd24ebb, type: 3}
      propertyPath: m_LocalPosition.x
      value: 0
      objectReference: {fileID: 0}
    - target: {fileID: 1893486794650692040, guid: 034e97d8070aeef43a092586bbd24ebb, type: 3}
      propertyPath: m_LocalPosition.y
      value: 2.5
      objectReference: {fileID: 0}
    - target: {fileID: 1893486794650692040, guid: 034e97d8070aeef43a092586bbd24ebb, type: 3}
      propertyPath: m_LocalPosition.z
      value: 0
      objectReference: {fileID: 0}
    - target: {fileID: 1893486794650692040, guid: 034e97d8070aeef43a092586bbd24ebb, type: 3}
      propertyPath: m_LocalRotation.w
      value: 1
      objectReference: {fileID: 0}
    - target: {fileID: 1893486794650692040, guid: 034e97d8070aeef43a092586bbd24ebb, type: 3}
      propertyPath: m_LocalRotation.x
      value: -0
      objectReference: {fileID: 0}
    - target: {fileID: 1893486794650692040, guid: 034e97d8070aeef43a092586bbd24ebb, type: 3}
      propertyPath: m_LocalRotation.y
      value: -0
      objectReference: {fileID: 0}
    - target: {fileID: 1893486794650692040, guid: 034e97d8070aeef43a092586bbd24ebb, type: 3}
      propertyPath: m_LocalRotation.z
      value: -0
      objectReference: {fileID: 0}
    - target: {fileID: 1893486794650692040, guid: 034e97d8070aeef43a092586bbd24ebb, type: 3}
      propertyPath: m_LocalEulerAnglesHint.x
      value: 0
      objectReference: {fileID: 0}
    - target: {fileID: 1893486794650692040, guid: 034e97d8070aeef43a092586bbd24ebb, type: 3}
      propertyPath: m_LocalEulerAnglesHint.y
      value: 0
      objectReference: {fileID: 0}
    - target: {fileID: 1893486794650692040, guid: 034e97d8070aeef43a092586bbd24ebb, type: 3}
      propertyPath: m_LocalEulerAnglesHint.z
      value: 0
      objectReference: {fileID: 0}
    - target: {fileID: 1893486794650692041, guid: 034e97d8070aeef43a092586bbd24ebb, type: 3}
      propertyPath: m_Name
      value: Door
      objectReference: {fileID: 0}
    m_RemovedComponents: []
  m_SourcePrefab: {fileID: 100100000, guid: 034e97d8070aeef43a092586bbd24ebb, type: 3}
--- !u!4 &8773922564974416728 stripped
Transform:
  m_CorrespondingSourceObject: {fileID: 1893486794650692040, guid: 034e97d8070aeef43a092586bbd24ebb, type: 3}
  m_PrefabInstance: {fileID: 7170918229825141392}
  m_PrefabAsset: {fileID: 0}
--- !u!1001 &7871553649721922942
PrefabInstance:
  m_ObjectHideFlags: 0
  serializedVersion: 2
  m_Modification:
    m_TransformParent: {fileID: 8773922565830866347}
    m_Modifications:
    - target: {fileID: 1512747958798433520, guid: bed8c7f49d3b67e49aa10387ecf3cb82, type: 3}
      propertyPath: m_RootOrder
      value: 0
      objectReference: {fileID: 0}
    - target: {fileID: 1512747958798433520, guid: bed8c7f49d3b67e49aa10387ecf3cb82, type: 3}
      propertyPath: m_LocalPosition.x
      value: -15
      objectReference: {fileID: 0}
    - target: {fileID: 1512747958798433520, guid: bed8c7f49d3b67e49aa10387ecf3cb82, type: 3}
      propertyPath: m_LocalPosition.y
      value: 5
      objectReference: {fileID: 0}
    - target: {fileID: 1512747958798433520, guid: bed8c7f49d3b67e49aa10387ecf3cb82, type: 3}
      propertyPath: m_LocalPosition.z
      value: 0
      objectReference: {fileID: 0}
    - target: {fileID: 1512747958798433520, guid: bed8c7f49d3b67e49aa10387ecf3cb82, type: 3}
      propertyPath: m_LocalRotation.w
      value: 1
      objectReference: {fileID: 0}
    - target: {fileID: 1512747958798433520, guid: bed8c7f49d3b67e49aa10387ecf3cb82, type: 3}
      propertyPath: m_LocalRotation.x
      value: -0
      objectReference: {fileID: 0}
    - target: {fileID: 1512747958798433520, guid: bed8c7f49d3b67e49aa10387ecf3cb82, type: 3}
      propertyPath: m_LocalRotation.y
      value: -0
      objectReference: {fileID: 0}
    - target: {fileID: 1512747958798433520, guid: bed8c7f49d3b67e49aa10387ecf3cb82, type: 3}
      propertyPath: m_LocalRotation.z
      value: -0
      objectReference: {fileID: 0}
    - target: {fileID: 1512747958798433520, guid: bed8c7f49d3b67e49aa10387ecf3cb82, type: 3}
      propertyPath: m_LocalEulerAnglesHint.x
      value: 0
      objectReference: {fileID: 0}
    - target: {fileID: 1512747958798433520, guid: bed8c7f49d3b67e49aa10387ecf3cb82, type: 3}
      propertyPath: m_LocalEulerAnglesHint.y
      value: 0
      objectReference: {fileID: 0}
    - target: {fileID: 1512747958798433520, guid: bed8c7f49d3b67e49aa10387ecf3cb82, type: 3}
      propertyPath: m_LocalEulerAnglesHint.z
      value: 0
      objectReference: {fileID: 0}
    - target: {fileID: 1512747958798433521, guid: bed8c7f49d3b67e49aa10387ecf3cb82, type: 3}
      propertyPath: m_Name
      value: Left_Wall
      objectReference: {fileID: 0}
    m_RemovedComponents: []
  m_SourcePrefab: {fileID: 100100000, guid: bed8c7f49d3b67e49aa10387ecf3cb82, type: 3}
--- !u!4 &8773922565257849230 stripped
Transform:
  m_CorrespondingSourceObject: {fileID: 1512747958798433520, guid: bed8c7f49d3b67e49aa10387ecf3cb82, type: 3}
  m_PrefabInstance: {fileID: 7871553649721922942}
  m_PrefabAsset: {fileID: 0}
